@article{buhalis2011tourism,
  title={E-tourism},
  author={Buhalis, Dimitrios and Jun, Soo Hyun},
  journal={Contemporary tourism reviews},
  volume={1},
  pages={2--38},
  year={2011},
  publisher={Goodfellow Publishers Limited, Woodeaton Oxford}
}

@article{artemenko2017tourism,
  title={E-tourism recommender systems: a survey and development perspectives},
  author={Artemenko, O and Kunanets, O and Pasichnyk, V},
  journal={Econtechmod},
  year={2017},
  publisher={Commission of Motorization and Energetics in Agriculture}
}


@inproceedings{alghamdi2016tourism,
  title={E-tourism: mobile dynamic trip planner},
  author={Alghamdi, Hamzah and Zhu, Shiai and El Saddik, Abdulmotaleb},
  booktitle={2016 IEEE International Symposium on Multimedia (ISM)},
  pages={185--188},
  year={2016},
  organization={IEEE}
}


@book{murphy2013tourism,
  title={Tourism: A community approach (RLE Tourism)},
  author={Murphy, Peter E},
  year={2013},
  publisher={Routledge}
}

@article{ku2015cultivating,
  title={Cultivating travellers' revisit intention to e-tourism service: the moderating effect of website interactivity},
  author={Ku, Edward CS and Chen, Chun-Der},
  journal={Behaviour \& Information Technology},
  volume={34},
  number={5},
  pages={465--478},
  year={2015},
  publisher={Taylor \& Francis}
}


@article{fermoso2015open,
  title={Open linked data and mobile devices as e-tourism tools. A practical approach to collaborative e-learning},
  author={Fermoso, Ana M{\textordfeminine} and Mateos, Montserrat and Beato, M{\textordfeminine} Encarnaci{\'o}n and Berj{\'o}n, Roberto},
  journal={Computers in Human Behavior},
  volume={51},
  pages={618--626},
  year={2015},
  publisher={Elsevier}
}



@article{bahramian_abbaspour_claramunt_2017, title={A Context-Aware Tourism Recommender System Based On A Spreading Activation Method}, volume={XLII-4/W4}, DOI={10.5194/isprs-archives-xlii-4-w4-333-2017}, journal={ISPRS - International Archives of the Photogrammetry, Remote Sensing and Spatial Information Sciences}, author={Bahramian, Z. and Abbaspour, R. Ali and Claramunt, C.}, year={2017}, month={10}, pages={333â€“339}}

@article{kotkov2016survey,
  title={A survey of serendipity in recommender systems},
  author={Kotkov, Denis and Wang, Shuaiqiang and Veijalainen, Jari},
  journal={Knowledge-Based Systems},
  volume={111},
  pages={180--192},
  year={2016},
  publisher={Elsevier}
}

@book{1997admiralty,
  title={Admiralty Manual of Navigation: BR 45(1)},
  number={v. 1},
  isbn={9780117728806},
  series={BR Series},
  url={https://books.google.co.ve/books?id=xcy4K5BPyg4C},
  year={1997},
  publisher={Stationery Office}
}